<?xml version="1.0" encoding="UTF-8"?><collection xmlns="http://www.loc.gov/MARC21/slim"><record><leader>00454nam--2200157-i-4500</leader><controlfield tag="001">000009521</controlfield><controlfield tag="002">20161230</controlfield><controlfield tag="005">20170208134510</controlfield><controlfield tag="008">060222s1000------------r-----000-0-eng-d</controlfield><datafield ind1=" " ind2=" " tag="245"><subfield code="a">Induced representations with applications to sn and gl(n)</subfield></datafield><datafield ind1=" " ind2=" " tag="260"><subfield code="a">Kingston, Ontario</subfield><subfield code="b">Queen S University</subfield><subfield code="c">1966</subfield></datafield><datafield ind1=" " ind2=" " tag="300"><subfield code="a">91 p</subfield></datafield><datafield ind1=" " ind2=" " tag="490"><subfield code="a">Queen S Papers In Pure And Applied Mathematics</subfield></datafield><datafield ind1=" " ind2=" " tag="700"><subfield code="a">Ribenboim, P</subfield></datafield><datafield ind1=" " ind2=" " tag="852"><subfield code="a">512</subfield></datafield><datafield ind1=" " ind2=" " tag="CAT"><subfield code="a">SYS</subfield><subfield code="c">20170208</subfield><subfield code="h">134510</subfield></datafield></record></collection>